@book{bertot2013interactive,
  title={Interactive theorem proving and program development: Coqâ€™Art: the calculus of inductive constructions},
  author={Bertot, Yves and Cast{\'e}ran, Pierre},
  year={2013},
  publisher={Springer Science \& Business Media}
}

@article{mcadams2013tutorial,
  title={A Tutorial on the Curry-Howard Correspondence},
  author={McAdams, Darryl},
  year={2013},
  url={http://purelytheoretical.com/papers/ATCHC.pdf}
}

@book{norell2007towards,
  title={Towards a practical programming language based on dependent type theory},
  author={Norell, Ulf},
  volume={32},
  year={2007},
  publisher={Citeseer}
}

@book{sorensen2006lectures,
  title={Lectures on the Curry-Howard isomorphism},
  author={S{\o}rensen, Morten Heine and Urzyczyn, Pawel},
  volume={149},
  year={2006},
  publisher={Elsevier}
}
